<?xml version="1.0" encoding="UTF-8"?><record xmlns="http://www.loc.gov/MARC21/slim" xmlns:cinclude="http://apache.org/cocoon/include/1.0" xmlns:zs="http://www.loc.gov/zing/srw/">
  <leader>00386nz  a2200133n  4500</leader>
  <controlfield tag="001">n  99035787 </controlfield>
  <controlfield tag="003">DLC</controlfield>
  <controlfield tag="005">19990513080949.6</controlfield>
  <controlfield tag="008">990513n| acannaab|          |a aaa |||  </controlfield>
  <datafield tag="010" ind1=" " ind2=" ">
    <subfield code="a">n  99035787 </subfield>
  </datafield>
  <datafield tag="040" ind1=" " ind2=" ">
    <subfield code="a">DLC</subfield>
    <subfield code="b">eng</subfield>
    <subfield code="c">DLC</subfield>
  </datafield>
  <datafield tag="100" ind1="1" ind2=" ">
    <subfield code="a">Gageldonk, Paul van,</subfield>
    <subfield code="d">1952-</subfield>
  </datafield>
  <datafield tag="400" ind1="1" ind2=" ">
    <subfield code="a">Van Gageldonk, Paul,</subfield>
    <subfield code="d">1952-</subfield>
  </datafield>
  <datafield tag="670" ind1=" " ind2=" ">
    <subfield code="a">Geen woorden maar daden, 1999:</subfield>
    <subfield code="b">t.p. (Paul van Gageldonk) cover (b. 1952)</subfield>
  </datafield>
</record>